@Article{harsh,
  author =       {Harsh Bhatia, Gregory Norgard, Valerio Pascucci and Peer-Timo Bremer},
  title =        "{The Helmholtz-Hodge Decompositionâ€”A Survey}",
  journal =      "IEEE Transactions on Visualisation and Computer Graphics",
  volume =       "19",
  number =       "8",
  year =         "2013",
} 

@Article{erlebacher,
  author =       {Gordon Erlebacher and M.Y. Hussaini},
  title =        "{The Analysis and Simulation of Compressible Turbulence}",
  journal =      "Theoretical and Computational Fluid Dynamics",
  volume =       "2",
  pages =       "73-95",
  year =         "1990",
}